@MISC{pgrouting,	
	TITLE = "PGROUTING WEBPAGE",	
	HOWPUBLISHED = "{www.pgrouting.org}",	
	NOTE = {Accessed: 2014-02-05}	}

@MISC{loadstone,	
	TITLE = "LOADSTONE WEBPAGE",	
	HOWPUBLISHED = "{www.loadstone-gps.com}",	
	NOTE = {Accessed: 2014-02-05}	}
	
@MISC{blindsquare,	
	TITLE = "BLINDSQUARE WEBPAGE",	
	HOWPUBLISHED = "{www.blindsquare.com/about}",	
	NOTE = {Accessed: 2014-02-05}	}	

@MANUAL{sven:osm,
    AUTHOR = "Sven Leitinger",
	TITLE = "Leitfaden zur OSM-Datenerfassung fuer blinden-spezifisches Routing",
	YEAR = "2013" }

@MASTERSTHESIS{weyrer,
    AUTHOR = "Timothy Weyrer",
    TITLE = "Ready.Set.Access - Development of an Intermodal Door2Door Routing Application for People with Physical Impairments",
	YEAR = "2013" }
	
@inproceedings{luxen-vetter-2011,
 author = {Luxen, Dennis and Vetter, Christian},
 title = {Real-time routing with OpenStreetMap data},
 booktitle = {Proceedings of the 19th ACM SIGSPATIAL International Conference on Advances in Geographic Information Systems},
 series = {GIS '11},
 year = {2011},
 isbn = {978-1-4503-1031-4},
 location = {Chicago, Illinois},
 pages = {513--516},
 numpages = {4},
 url = {http://doi.acm.org/10.1145/2093973.2094062},
 doi = {10.1145/2093973.2094062},
 acmid = {2094062},
 publisher = {ACM},
 address = {New York, NY, USA},
}

@inproceedings{Volkel:2008,
 author = {V\"{o}lkel, Thorsten and Weber, Gerhard},
 title = {RouteCheckr: Personalized Multicriteria Routing for Mobility Impaired Pedestrians},
 booktitle = {Proceedings of the 10th International ACM SIGACCESS Conference on Computers and Accessibility},
 series = {Assets '08},
 year = {2008},
 isbn = {978-1-59593-976-0},
 location = {Halifax, Nova Scotia, Canada},
 pages = {185--192},
 numpages = {8},
 url = {http://doi.acm.org/10.1145/1414471.1414506},
 doi = {10.1145/1414471.1414506},
 acmid = {1414506},
 publisher = {ACM},
 address = {New York, NY, USA},
 keywords = {mobility impaired, multicriteria routing, multimodal annotation},
} 	









